
@article{hirte2021,
	title = {Yield response to soil test phosphorus in Switzerland: Pedoclimatic drivers of critical concentrations for optimal crop yields using multilevel modelling},
	author = {Hirte, Juliane and Richner, Walter and Orth, Barbara and Liebisch, Frank and Flisch, {Ren√©}},
	year = {2021},
	month = {02},
	date = {2021-02-10},
	journal = {Science of The Total Environment},
	pages = {143453},
	volume = {755},
	doi = {10.1016/j.scitotenv.2020.143453},
	url = {https://www.sciencedirect.com/science/article/pii/S0048969720369849}
}
